<?xml version="1.0" encoding="UTF-8"?><collection xmlns="http://www.loc.gov/MARC21/slim"><record><leader>00582nam--2200193-i-4500</leader><controlfield tag="001">000012746</controlfield><controlfield tag="002">20161230</controlfield><controlfield tag="005">20170102214418</controlfield><controlfield tag="008">060222s1000------------r-----000-0-rum-d</controlfield><datafield ind1=" " ind2=" " tag="040"><subfield code="a">IFIN-HH</subfield></datafield><datafield ind1=" " ind2=" " tag="041"><subfield code="a">rum</subfield></datafield><datafield ind1=" " ind2=" " tag="080"><subfield code="a">53(076.L)</subfield></datafield><datafield ind1="1" ind2=" " tag="100"><subfield code="a">Ionescu, G</subfield></datafield><datafield ind1="1" ind2="0" tag="245"><subfield code="a">Probleme de fizica. date la concursurile de admitere in invatamintul superior pentru ingineri si subingineri</subfield><subfield code="c">G. Ionescu, V. Fochianu, C. Calin</subfield></datafield><datafield ind1=" " ind2=" " tag="260"><subfield code="a">Bucuresti</subfield><subfield code="b">Editura Didactica Si Pedagogica</subfield><subfield code="c">1978</subfield></datafield><datafield ind1=" " ind2=" " tag="300"><subfield code="a">469 P</subfield></datafield><datafield ind1="1" ind2=" " tag="700"><subfield code="a">Calin, C</subfield></datafield><datafield ind1=" " ind2=" " tag="852"><subfield code="a">46083</subfield><subfield code="c">53</subfield></datafield><datafield ind1=" " ind2=" " tag="CAT"><subfield code="a">SYS</subfield><subfield code="c">20170102</subfield><subfield code="h">214418</subfield></datafield></record></collection>